@article{example,
  author = {{Peter Pan}},
  title = {Chroniken des Peter Pan},
  date = {2020},
  url = {https://example.com}
}
